@inproceedings{bonyadi2013travelling,
	title={The travelling thief problem: The first step in the transition from theoretical problems to realistic problems},
	author={Bonyadi, Mohammad Reza and Michalewicz, Zbigniew and Barone, Luigi},
	booktitle={2013 IEEE Congress on Evolutionary Computation},
	pages={1037--1044},
	year={2013},
	organization={IEEE}
}